@article{Hendrycks2024,
  author = {Hendrycks, A. and Zellers, S. R. V. and Levenson, T. and Chen, N. R. and Laskin, M.},
  title = {A Multilevel Agent Architecture for Complex System Management},
  journal = {IEEE Transactions on Cognitive Development},
  volume = {12},
  number = {3},
  pages = {450--465},
  year = {2024},
  month = sep,
  keywords = {english}
}

@book{Harari2018,
  author = {Harari, Yuval Noah},
  title = {21 Lessons for the 21st Century},
  publisher = {Spiegel \& Grau},
  address = {New York},
  year = {2018},
  note = {ch.~20, pp.~310--335},
  keywords = {english}
}

@misc{Anthropic2025,
  author = {{Anthropic}},
  title = {Claude Code Subagents: Advanced Orchestration and Context Isolation},
  howpublished = {\emph{Anthropic Developer Docs}},
  year = {2025},
  note = {Online; accessed Oct. 20, 2025},
  url = {https://docs.anthropic.com/claude-code/subagents},
  keywords = {english}
}
